%% LaTeX2e file `mybib.bib'
%% generated by the `filecontents' environment
%% from source `xample' on 2018/01/12.
%%
 @article{zieba2002original,

title={The Original Pronunciation of {S}anskrit},

author={Zieba, Maciej and Stiehl, Ulrich},

journal={Sanskritweb.net},

year={2002}

}

@inproceedings{weerasinghe2005rule,
 title={A rule based syllabification algorithm for {S}inhala},
 author={Weerasinghe, Ruvan and Wasala, Asanka and Gamage, Kumudu},
 booktitle={International Conference on Natural Language Processing},
 pages={438--449},
 year={2005},
 organization={Springer}
}

@misc{gdasa2013sanskritSyllabification,
 title={Sanskrit Prosody: {S}yllabification with the {WWG} Method},
 author={Dasa, Govinda},
 note={Accessed: 2018-01-10},
 howpublished = {\url{sanskritstudio.wordpress.com/2013/09/13/}},
 year={2013}
}

@article{emeneau1956india,
  title={{I}ndia as a lingustic area},
  author={Emeneau, Murray B},
  journal={Language},
  volume={32},
  number={1},
  pages={3--16},
  year={1956},
  publisher={JSTOR}
}

@book{banthia2001census,
  title={Census of {I}ndia, 2001},
  author={Banthia, Jayant Kumar},
  volume={1},
  year={2001},
  publisher={Controller of Publications}
}

@misc{ashtangayoga,
 author={Steiner, Ronald},
 title={Transliteration Tool},
 year={n.d.},
 howpublished={\url{https://www.ashtangayoga.info/sanskrit/transliteration/transliteration-tool/}},
 note={Accessed: 2018-01-10}
}

@article{viswanadha2002transliteration,
  title={Transliteration of {T}amil and {O}ther {I}ndic {Scripts}},
  author={Viswanadha, Ram},
  journal={Tamil Internet 2002},
  year={2002}
}

@article{sridharan2005sanskrit,
  title={Sanskrit Prosody, {P}ingala Sutras and Binary Arithmetic},
  author={Sridharan, R},
  journal={Contributions to the History of Indian Mathematics, Hindustan Book Agency, Delhi},
  pages={33--62},
  year={2005}
}

@book{international1999handbook,
  title={Handbook of the International Phonetic Association: A Guide to the Use of the International Phonetic Alphabet},
  author={International Phonetic Association},
  isbn={9780521637510},
  lccn={98032178},
  series={A Regents publication},
  url={https://books.google.co.in/books?id=33BSkFV\_8PEC},
  year={1999},
  publisher={Cambridge University Press}
}

@article{jamison2004sanskrit,
  title={Sanskrit},
  author={Jamison, Stephanie W},
  journal={Cambridge Encyclopedia},
  pages={673--699},
  year={2004}
}

